@incollection{buffa2003galerkin,
  title={Galerkin boundary element methods for electromagnetic scattering},
  author={Buffa, Annalisa and Hiptmair, Ralf},
  booktitle={Topics in computational wave propagation},
  pages={83--124},
  year={2003},
  publisher={Springer}}

@article{buffa2003boundary,
  title={Boundary element methods for Maxwell transmission problems in Lipschitz domains},
  author={Buffa, Annalisa and Hiptmair, Ralf and von Petersdorff, Tobias and Schwab, Christoph},
  journal={Numerische Mathematik},
  volume={95},
  number={3},
  pages={459--485},
  year={2003},
  publisher={Springer}}


@article{kleanthous2019calderon,
  title={Calder{\'o}n preconditioning of PMCHWT boundary integral equations for scattering by multiple absorbing dielectric particles},
  author={Kleanthous, Antigoni and Betcke, Timo and Hewett, David P and Scroggs, Matthew W and Baran, Anthony J},
  journal={Journal of Quantitative Spectroscopy and Radiative Transfer},
  volume={224},
  pages={383--395},
  year={2019},
  publisher={Elsevier}}
  
  @article{scroggs2017software,
  title={Software frameworks for integral equations in electromagnetic scattering based on Calder{\'o}n identities},
  author={Scroggs, Matthew W and Betcke, Timo and Burman, Erik and {\'S}migaj, Wojciech and vanâ€™t Wout, Elwin},
  journal={Computers \& Mathematics with Applications},
  volume={74},
  number={11},
  pages={2897--2914},
  year={2017},
  publisher={Elsevier}}
  
  @book{MacLean,
  Author = {McLean, William and McLean, William Charles Hector},
  Publisher = {Cambridge university press},
  Title = {Strongly elliptic systems and boundary integral equations},
  Year = {2000}}

@article{claeys2014novel,
  title={Novel multi-trace boundary integral equations for transmission boundary value problems},
  author={Claeys, Xavier and Hiptmair, Ralf and Jerez-Hanckes, Carlos and Pintarelli, Simon},
  journal={Unified transform for boundary value problems},
  pages={227--258},
  year={2014}}
  
 @book{Nedelec,
  Author = {N{\'e}d{\'e}lec, Jean-Claude},
  Publisher = {Springer Science \& Business Media},
  Title = {Acoustic and electromagnetic equations: integral representations for harmonic problems},
  Volume = {144},
  Year = {2001}}

@article{buffa2005remarks,
  title={Remarks on the discretization of some noncoercive operator with applications to heterogeneous Maxwell equations},
  author={Buffa, Annalisa},
  journal={SIAM Journal on Numerical Analysis},
  volume={43},
  number={1},
  pages={1--18},
  year={2005},
  publisher={SIAM}
}

@article{claeys2012multi,
  title={Multi-trace boundary integral equations},
  author={Claeys, Xavier and Hiptmair, Ralf and Jerez-Hanckes, Carlos},
  journal={Direct and inverse problems in wave propagation and applications},
  volume={14},
  pages={51--100},
  year={2012}
}

@book{steinbach2007numerical,
  author = {Steinbach, Olaf},
  publisher = {Springer New York},
  series = {Texts in Applied Mathematics},
  title = {Numerical {A}pproximation {M}ethods for {E}lliptic {B}oundary {V}alue {P}roblems: {F}inite and {B}oundary {E}lements},
  year = {2007}}